

黎冬.基于Linux平台Ftp搜索引擎的研究[D].湖北工业大学,2009. S
@thesis{1,
  AUTHOR =       {黎冬},
  TITLE =        {基于Linux平台Ftp搜索引擎的研究},
  school =       {湖北工业大学},
  YEAR =         {2009},
  pages  =       {50-60},
  address =      {湖北},
  language =     {Chinese}
}

王爱国,杨波,柴乔林等.基于XML Web Service的FTP搜索技术[J].济南大学学报（自然科学版）,2005,19(3):230-234.
@article{2,
  title={基于XML Web Service的FTP搜索技术},
  author={王爱国 AND 杨波 AND 柴乔林},
  journal={济南大学学报（自然科学版）},
  volume={19},
  number={3},
  pages={230--234},
  year={2005},
  language =     {Chinese}
}

龚达.基于IA和Web Service的FTP搜索引擎设计[J].江南大学学报(自然科学版),2003,2(1):59-61,65.
@article{3,
  title={基于IA和Web Service的FTP搜索引擎设计},
  author={龚达},
  journal={江南大学学报(自然科学版)},
  volume={2},
  number={1},
  pages={59--65},
  year={2003},
  language =     {Chinese}
}

赵珂,逯鹏,李永强等.基于Lucene的搜索引擎设计与实现[J].计算机工程,2011,37(16):39-41.DOI:10.3969/j.issn.1000-3428.2011.16.013.
@article{4,
  title={基于Lucene的搜索引擎设计与实现},
  author={赵珂 AND 逯鹏 AND 李永强},
  journal={计算机工程},
  volume={37},
  number={16},
  pages={39--41},
  year={2011},
  language =     {Chinese}
}

管建和,甘剑峰.基于Lucene全文检索引擎的应用研究与实现[J].计算机工程与设计,2007,28(2):489-491.
@article{5,
  title={基于Lucene全文检索引擎的应用研究与实现},
  author={管建和 AND 甘剑峰},
  journal={计算机工程与设计},
  volume={28},
  number={2},
  pages={489--491},
  year={2007},
  language =     {Chinese}
}

李刚. Struts 2.1权威指南[M]. 北京:电子工业出版社, 2009.
@article{6,
  title={Fast Hash algorithm for Chinese word segmentation},
  author={Li Xiang-yang AND Zhang Ya-fei},
  journal={Natural Science Edition},
  volume={5},
  number={2},
  pages={40--42},
  year={2004},
  language =     {}
}

@book{7,
  title={Lucene搜索引擎开发权威经典},
  author={于天恩},
  year={2008},
  address={北京},
  publisher={中国铁道出版社},
  language =     {Chinese}
}

The Apache Software Foundation. Apache Lucene - Index File Formats[EB/OL].2012. http://lucene.apache.org/core/old_versioned_docs/versions/3_5_0/fileformats.html
@digital{8,
  author =       {詹礼军},
  title =        {Lucene字典实现原理},
  TypeofLit =    {EB/OL},
  date=          {2012},
  url =          {http://lucene.apache.org/core/old_versioned_docs/versions/3_5_0/fileformats.html},
  language =     {Chinese}
}


Cay S.Horstmann, Gary Cornell. Core Java 2, Volume I-Fundamentals. 北京:机械工业出版社, 2008. 
@article{9,
  title={Chinese Word Segmentation in Chinese Information Processing},
  author={Huang Chang-ning},
  journal={Applied Linguistics},
  volume={21},
  number={1},
  pages={72--78},
  year={1997},
  language =     {}
}

[10] 张建平.凤凰涅槃：从iBatis到MyBatis[EB/OL].2011. http://www.ibm.com/developerworks/cn/opensource/os-cn-mybatis/
@digital{10,
  author =       {张建平},
  title =        {凤凰涅槃：从iBatis到MyBatis},
  TypeofLit =    {EB/OL},
  date=          {2011},
  url =          {http://www.ibm.com/developerworks/cn/opensource/os-cn-mybatis/},
  language =     {Chinese}
}

@digital{11,
  author =       {MyBatis.org},
  title =        {Mapper XML Files},
  TypeofLit =    {EB/OL},
  date=          {2012},
  url =          {http://www.mybatis.org/core/sqlmap-xml.html},
  language =     {}
}

@digital{12,
  author =       {Pandora},
  title =        {Levenshtein Distance 算法详解},
  TypeofLit =    {EB/OL},
  date=          {2014},
  url =          {http://www.2cto.com/kf/201407/314271.html},
  language =     {}
}

@digital{13,
  author =       {Eric Brown},
  title =        {FST for Natural Language Processing},
  TypeofLit =    {EB/OL},
  date=          {2014},
  url =          {http://infolocata.com/mirovia/finite-state-transducers-for-natural-language-processing/},
  language =     {}
}


